<record xmlns="http://www.loc.gov/MARC21/slim" xmlns:xsi="http://www.w3.org/2001/XMLSchema-instance" xsi:schemaLocation="http://www.loc.gov/MARC21/slim http://www.loc.gov/standards/marcxml/schema/MARC21slim.xsd"><leader>01230nam a2200265   4500</leader><controlfield tag="001">002742817</controlfield><controlfield tag="003">NNU</controlfield><controlfield tag="006">m        d        </controlfield><controlfield tag="007">cr cn |||m|||a</controlfield><controlfield tag="008">140707s1978    ir      ob    00  0 araod</controlfield><datafield ind1=" " ind2=" " tag="040"><subfield code="a">NNU</subfield><subfield code="b">eng</subfield><subfield code="c">NNU</subfield></datafield><datafield ind1=" " ind2=" " tag="043"><subfield code="a">A-IS---</subfield></datafield><datafield ind1="1" ind2=" " tag="100"><subfield code="a">Mu&#7779;&#7789;af&#225;, Kh&#257;lid &#699;Al&#299;.</subfield></datafield><datafield ind1="1" ind2="3" tag="245"><subfield code="a">al-Shi&#699;r al-Filas&#7789;&#299;n&#299; al-&#7717;ad&#299;th, 1948-1970</subfield><subfield code="h">[electronic resource] /</subfield><subfield code="c">Kh&#257;lid &#699;Al&#299; Mu&#7779;&#7789;af&#225;.</subfield></datafield><datafield ind1=" " ind2=" " tag="260"><subfield code="a">Baghd&#257;d :</subfield><subfield code="b">Mansh&#363;r&#257;t Wiz&#257;rat al-Thaq&#257;fah wa-al-Fun&#363;n :</subfield><subfield code="b">Tawzi&#699; al-D&#257;r al-Wa&#7789;an&#299;yah lil-Tawzi&#699; wa-al-I&#699;l&#257;h, 1978.</subfield></datafield><datafield ind1=" " ind2=" " tag="300"><subfield code="a">online resource (319 p.)</subfield></datafield><datafield ind1=" " ind2=" " tag="500"><subfield code="a">Part of the Arabic Collections Online (ACO) project, contributed by New York Univeristy Libraries.</subfield></datafield><datafield ind1=" " ind2=" " tag="504"><subfield code="a">Bibliography: p. 306-318.</subfield></datafield><datafield ind1=" " ind2=" " tag="533"><subfield code="a">Electronic reproduction.</subfield><subfield code="b">New York, N.Y. :</subfield><subfield code="c">New York University,</subfield><subfield code="d">2014.</subfield><subfield code="5">NNU</subfield></datafield><datafield ind1=" " ind2="0" tag="650"><subfield code="a">Arabic poetry</subfield><subfield code="z">Palestine</subfield><subfield code="x">History and criticism.</subfield></datafield><datafield ind1="2" ind2=" " tag="710"><subfield code="a">New York University.</subfield><subfield code="b">Libraries.</subfield></datafield><datafield ind1="0" ind2=" " tag="730"><subfield code="a">Arabic Collections Online.</subfield></datafield><datafield ind1="0" ind2="8" tag="776"><subfield code="i">Print version:</subfield><subfield code="a">Mu&#7779;&#7789;af&#225;, Kh&#257;lid &#699;Al&#299;.</subfield><subfield code="t">al-Shi&#699;r al-Filas&#7789;&#299;n&#299; al-&#7717;ad&#299;th, 1948-1970</subfield><subfield code="w">(NNU)002742817</subfield></datafield><datafield ind1="4" ind2="0" tag="856"><subfield code="u">http://hdl.handle.net/2333.1/dbrv1774</subfield></datafield><datafield ind1=" " ind2=" " tag="959"><subfield code="a">NNU</subfield><subfield code="b">WEB</subfield><subfield code="c">GENI</subfield><subfield code="t">0</subfield><subfield code="m">Electronic access</subfield><subfield code="s">01</subfield></datafield></record>